<record><leader>00000cas a22000007a 4500</leader><controlfield tag="001">18386391</controlfield><controlfield tag="008">880822d19021903ohudr ne      0    0eng d</controlfield><datafield ind1=" " ind2=" " tag="010"><subfield code="a">sn 88077815 </subfield></datafield><datafield ind1=" " ind2=" " tag="040"><subfield code="a">ONP</subfield><subfield code="b">eng</subfield><subfield code="c">ONP</subfield><subfield code="d">OCLCQ</subfield></datafield><datafield ind1=" " ind2=" " tag="042"><subfield code="a">msc</subfield></datafield><datafield ind1="0" ind2=" " tag="130"><subfield code="a">Columbus daily press (Columbus, Ohio : 1902)</subfield></datafield><datafield ind1="1" ind2="4" tag="245"><subfield code="a">The Columbus daily press.</subfield></datafield><datafield ind1="3" ind2="0" tag="246"><subfield code="a">Columbus Sunday press</subfield></datafield><datafield ind1=" " ind2=" " tag="260"><subfield code="a">Columbus, Ohio :</subfield><subfield code="b">[s.n.],</subfield><subfield code="c">1902-1903.</subfield></datafield><datafield ind1=" " ind2=" " tag="300"><subfield code="a">v.</subfield></datafield><datafield ind1=" " ind2=" " tag="310"><subfield code="a">Daily</subfield></datafield><datafield ind1="0" ind2=" " tag="362"><subfield code="a">75th year, no. 103 (Apr. 14, 1902)-76th year, no. 365 (Dec. 31, 1903).</subfield></datafield><datafield ind1=" " ind2=" " tag="500"><subfield code="a">Published on Sunday as: Columbus Sunday press, Apr. 27, 1902-Dec. 27, 1903.</subfield></datafield><datafield ind1=" " ind2="4" tag="651"><subfield code="a">Columbus (Ohio)</subfield><subfield code="v">Newspapers.</subfield></datafield><datafield ind1=" " ind2="4" tag="651"><subfield code="a">Franklin County (Ohio)</subfield><subfield code="v">Newspapers.</subfield></datafield><datafield ind1=" " ind2=" " tag="752"><subfield code="a">United States</subfield><subfield code="b">Ohio</subfield><subfield code="c">Franklin</subfield><subfield code="d">Columbus.</subfield></datafield><datafield ind1="0" ind2="0" tag="780"><subfield code="t">Press post (Columbus, Ohio : 1898 : Daily)</subfield><subfield code="w">(DLC)sn 88077814</subfield></datafield><datafield ind1="0" ind2="0" tag="785"><subfield code="t">Press post (Columbus, Ohio : 1904)</subfield><subfield code="w">(DLC)sn 88077816</subfield></datafield><datafield ind1="1" ind2=" " tag="029"><subfield code="a">AU@</subfield><subfield code="b">000020519691</subfield></datafield></record>